[gd_scene load_steps=8 format=2]

[ext_resource path="res://card_deck.gd" type="Script" id=1]
[ext_resource path="res://assets/UI/level buttons/ßäëßà«ßå║ßäîßàí ßäîßàíßå»ßäàßàíßäéßàóßå╖/goback.png" type="Texture" id=2]
[ext_resource path="res://assets/demo/magician2_demodeck.PNG" type="Texture" id=3]
[ext_resource path="res://assets/demo/demo_carddeck_options.png" type="Texture" id=4]
[ext_resource path="res://assets/demo/bowgirl_demodeck.PNG" type="Texture" id=5]
[ext_resource path="res://assets/demo/Capture.PNG" type="Texture" id=6]
[ext_resource path="res://assets/demo/magician1_demodeck.PNG" type="Texture" id=7]

[node name="card_deck" type="Node2D"]
script = ExtResource( 1 )

[node name="options" type="TextureButton" parent="."]
margin_left = 1.0
margin_top = -15.0
margin_right = 44.0
margin_bottom = 40.0
__meta__ = {
"_edit_use_anchors_": false
}

[node name="demo_carddeck_options" type="Sprite" parent="options"]
position = Vector2( 19.4956, 25.7115 )
scale = Vector2( 0.1, 0.1 )
texture = ExtResource( 4 )

[node name="decks" type="Control" parent="."]
visible = false
margin_left = -123.176
margin_top = -18.4055
margin_right = -83.1756
margin_bottom = 21.5945
rect_scale = Vector2( 1.89229, 1.40903 )
__meta__ = {
"_edit_use_anchors_": false
}

[node name="speargirl" type="TextureButton" parent="decks"]
margin_right = 40.0
margin_bottom = 40.0
__meta__ = {
"_edit_use_anchors_": false
}

[node name="Capture" type="Sprite" parent="decks/speargirl"]
position = Vector2( 21.3366, 17.7603 )
scale = Vector2( 0.1, 0.1 )
texture = ExtResource( 6 )

[node name="magician1" type="TextureButton" parent="decks"]
margin_left = 42.9342
margin_top = -0.280617
margin_right = 82.9342
margin_bottom = 39.7194
__meta__ = {
"_edit_use_anchors_": false
}

[node name="magician1_demodeck" type="Sprite" parent="decks/magician1"]
position = Vector2( 19.9336, 18.3215 )
scale = Vector2( 0.1, 0.1 )
texture = ExtResource( 7 )

[node name="magician2" type="TextureButton" parent="decks"]
margin_left = 85.0265
margin_top = 1.40308
margin_right = 125.026
margin_bottom = 41.4031
__meta__ = {
"_edit_use_anchors_": false
}

[node name="magician2_demodeck" type="Sprite" parent="decks/magician2"]
position = Vector2( 21.056, 16.9185 )
scale = Vector2( 0.1, 0.1 )
texture = ExtResource( 3 )

[node name="bowgirl" type="TextureButton" parent="decks"]
margin_left = 130.767
margin_top = 0.561234
margin_right = 170.767
margin_bottom = 40.5612
__meta__ = {
"_edit_use_anchors_": false
}

[node name="bowgirl_demodeck" type="Sprite" parent="decks/bowgirl"]
position = Vector2( 19.6528, 15.796 )
scale = Vector2( 0.1, 0.1 )
texture = ExtResource( 5 )

[node name="goback" type="TextureButton" parent="decks"]
margin_left = 66.0714
margin_top = 40.5815
margin_right = 101.071
margin_bottom = 55.5815
__meta__ = {
"_edit_use_anchors_": false
}

[node name="goback2" type="Sprite" parent="decks/goback"]
position = Vector2( 17.2813, 8.04649 )
scale = Vector2( 0.1, 0.1 )
texture = ExtResource( 2 )

[node name="goback2" type="TextureButton" parent="."]
visible = false
margin_left = -23.0
margin_top = 25.0
margin_right = 71.0
margin_bottom = 44.0
__meta__ = {
"_edit_use_anchors_": false
}

[node name="goback" type="Sprite" parent="goback2"]
position = Vector2( 45.9241, 9.31328 )
scale = Vector2( 0.3, 0.3 )
texture = ExtResource( 2 )

[node name="Label" type="Label" parent="goback2"]
margin_left = -10.9795
margin_top = -26.213
margin_right = 110.021
margin_bottom = -12.213
custom_colors/font_color = Color( 0, 0, 0, 1 )
text = "Pick the towerbase"
[connection signal="pressed" from="options" to="." method="_on_options_pressed"]
[connection signal="pressed" from="decks/speargirl" to="." method="_on_speargirl_pressed"]
[connection signal="pressed" from="decks/magician1" to="." method="_on_magician1_pressed"]
[connection signal="pressed" from="decks/magician2" to="." method="_on_magician2_pressed"]
[connection signal="pressed" from="decks/bowgirl" to="." method="_on_bowgirl_pressed"]
[connection signal="pressed" from="decks/goback" to="." method="_on_goback_pressed"]
[connection signal="pressed" from="goback2" to="." method="_on_goback2_pressed"]
