[gd_scene load_steps=16 format=2]

[ext_resource path="res://level-select.gd" type="Script" id=1]
[ext_resource path="res://assets/images/blank-level.png" type="Texture" id=2]
[ext_resource path="res://assets/UI/level buttons/ßäëßà«ßå║ßäîßàí ßäîßàíßå»ßäàßàíßäéßàóßå╖/3.png" type="Texture" id=3]
[ext_resource path="res://assets/UI/level buttons/ßäëßà«ßå║ßäîßàí ßäîßàíßå»ßäàßàíßäéßàóßå╖/4.png" type="Texture" id=4]
[ext_resource path="res://assets/UI/level buttons/ßäëßà«ßå║ßäîßàí ßäîßàíßå»ßäàßàíßäéßàóßå╖/7.png" type="Texture" id=5]
[ext_resource path="res://assets/UI/level buttons/ßäëßà«ßå║ßäîßàí ßäîßàíßå»ßäàßàíßäéßàóßå╖/1.png" type="Texture" id=6]
[ext_resource path="res://assets/UI/level buttons/ßäëßà«ßå║ßäîßàí ßäîßàíßå»ßäàßàíßäéßàóßå╖/2.png" type="Texture" id=7]
[ext_resource path="res://assets/UI/level buttons/ßäëßà«ßå║ßäîßàí ßäîßàíßå»ßäàßàíßäéßàóßå╖/5.png" type="Texture" id=8]
[ext_resource path="res://assets/UI/level buttons/ßäëßà«ßå║ßäîßàí ßäîßàíßå»ßäàßàíßäéßàóßå╖/goback.png" type="Texture" id=9]
[ext_resource path="res://assets/UI/Level_selection_bg.png" type="Texture" id=10]
[ext_resource path="res://assets/UI/level buttons/ßäëßà«ßå║ßäîßàí ßäîßàíßå»ßäàßàíßäéßàóßå╖/6.png" type="Texture" id=11]
[ext_resource path="res://assets/UI/level buttons/ßäëßà«ßå║ßäîßàí ßäîßàíßå»ßäàßàíßäéßàóßå╖/10.png" type="Texture" id=12]
[ext_resource path="res://assets/UI/level buttons/ßäëßà«ßå║ßäîßàí ßäîßàíßå»ßäàßàíßäéßàóßå╖/9.png" type="Texture" id=13]
[ext_resource path="res://assets/UI/level buttons/ßäëßà«ßå║ßäîßàí ßäîßàíßå»ßäàßàíßäéßàóßå╖/8.png" type="Texture" id=14]
[ext_resource path="res://assets/UI/Storymode_logo.png" type="Texture" id=15]

[node name="LevelSelect" type="Node2D"]
script = ExtResource( 1 )

[node name="Position2D" type="Position2D" parent="."]
position = Vector2( 396.932, 201.72 )

[node name="Sprite" type="Sprite" parent="."]
position = Vector2( 638.545, 356.867 )
scale = Vector2( 1.99128, 1.47756 )
texture = ExtResource( 2 )

[node name="Label" type="Label" parent="."]
margin_left = 401.418
margin_top = 125.01
margin_right = 558.418
margin_bottom = 139.01
text = "Select Level"
__meta__ = {
"_edit_use_anchors_": false
}

[node name="levelselection" type="Sprite" parent="."]
position = Vector2( 637.613, 374.256 )
scale = Vector2( 0.322423, 0.286202 )
texture = ExtResource( 10 )

[node name="TextureButton1" type="TextureButton" parent="levelselection"]
visible = false
margin_left = -154.439
margin_top = -625.605
margin_right = 153.561
margin_bottom = -489.605
texture_normal = ExtResource( 6 )
__meta__ = {
"_edit_use_anchors_": false
}

[node name="TextureButton2" type="TextureButton" parent="levelselection"]
visible = false
margin_left = -147.67
margin_top = -508.991
margin_right = 160.33
margin_bottom = -372.991
texture_normal = ExtResource( 7 )
__meta__ = {
"_edit_use_anchors_": false
}

[node name="TextureButton3" type="TextureButton" parent="levelselection"]
visible = false
margin_left = -148.721
margin_top = -395.889
margin_right = 159.279
margin_bottom = -259.889
texture_normal = ExtResource( 3 )
__meta__ = {
"_edit_use_anchors_": false
}

[node name="TextureButton4" type="TextureButton" parent="levelselection"]
visible = false
margin_left = -148.908
margin_top = -282.51
margin_right = 159.092
margin_bottom = -146.51
texture_normal = ExtResource( 4 )
__meta__ = {
"_edit_use_anchors_": false
}

[node name="TextureButton5" type="TextureButton" parent="levelselection"]
visible = false
margin_left = -147.046
margin_top = -175.836
margin_right = 160.954
margin_bottom = -39.8357
texture_normal = ExtResource( 8 )
__meta__ = {
"_edit_use_anchors_": false
}

[node name="TextureButton6" type="TextureButton" parent="levelselection"]
visible = false
margin_left = -147.046
margin_top = -66.6324
margin_right = 160.954
margin_bottom = 69.3676
texture_normal = ExtResource( 11 )
__meta__ = {
"_edit_use_anchors_": false
}

[node name="TextureButton7" type="TextureButton" parent="levelselection"]
visible = false
margin_left = -147.867
margin_top = 49.9742
margin_right = 160.133
margin_bottom = 185.974
texture_normal = ExtResource( 5 )
__meta__ = {
"_edit_use_anchors_": false
}

[node name="TextureButton8" type="TextureButton" parent="levelselection"]
visible = false
margin_left = -149.51
margin_top = 161.954
margin_right = 158.49
margin_bottom = 297.954
texture_normal = ExtResource( 14 )
__meta__ = {
"_edit_use_anchors_": false
}

[node name="TextureButton9" type="TextureButton" parent="levelselection"]
visible = false
margin_left = -149.309
margin_top = 270.949
margin_right = 158.691
margin_bottom = 406.949
texture_normal = ExtResource( 13 )
__meta__ = {
"_edit_use_anchors_": false
}

[node name="TextureButton10" type="TextureButton" parent="levelselection"]
visible = false
margin_left = -157.725
margin_top = 386.026
margin_right = 150.275
margin_bottom = 522.026
texture_normal = ExtResource( 12 )
__meta__ = {
"_edit_use_anchors_": false
}

[node name="goback" type="TextureButton" parent="levelselection"]
margin_left = -180.727
margin_top = 514.551
margin_right = 172.273
margin_bottom = 650.551
texture_normal = ExtResource( 9 )
__meta__ = {
"_edit_use_anchors_": false
}

[node name="logo" type="Sprite" parent="."]
position = Vector2( 635.632, 153.408 )
scale = Vector2( 0.402693, 0.402347 )
texture = ExtResource( 15 )
[connection signal="pressed" from="levelselection/TextureButton1" to="." method="_on_TextureButton1_pressed"]
[connection signal="pressed" from="levelselection/TextureButton2" to="." method="_on_TextureButton2_pressed"]
[connection signal="pressed" from="levelselection/TextureButton3" to="." method="_on_TextureButton3_pressed"]
[connection signal="pressed" from="levelselection/TextureButton4" to="." method="_on_TextureButton4_pressed"]
[connection signal="pressed" from="levelselection/TextureButton5" to="." method="_on_TextureButton5_pressed"]
[connection signal="pressed" from="levelselection/TextureButton6" to="." method="_on_TextureButton6_pressed"]
[connection signal="pressed" from="levelselection/TextureButton7" to="." method="_on_TextureButton7_pressed"]
[connection signal="pressed" from="levelselection/TextureButton8" to="." method="_on_TextureButton8_pressed"]
[connection signal="pressed" from="levelselection/TextureButton9" to="." method="_on_TextureButton9_pressed"]
[connection signal="pressed" from="levelselection/TextureButton10" to="." method="_on_TextureButton10_pressed"]
[connection signal="pressed" from="levelselection/goback" to="." method="_on_TextureButton11_pressed"]
