[gd_scene load_steps=92 format=2]

[ext_resource path="res://tank-a.gd" type="Script" id=1]
[ext_resource path="res://assets/images/health-progress-over.png" type="Texture" id=2]
[ext_resource path="res://assets/images/health-progress.png" type="Texture" id=3]
[ext_resource path="res://assets/images/tank-b.png" type="Texture" id=4]
[ext_resource path="res://assets/stone frame 1/1.png" type="Texture" id=5]
[ext_resource path="res://assets/stone frame 1/2.png" type="Texture" id=6]
[ext_resource path="res://assets/stone frame 1/3.png" type="Texture" id=7]
[ext_resource path="res://assets/stone frame 1/4.png" type="Texture" id=8]
[ext_resource path="res://assets/stone frame 1/5.png" type="Texture" id=9]
[ext_resource path="res://assets/stone frame 1/6.png" type="Texture" id=10]
[ext_resource path="res://assets/stone frame 1/7.png" type="Texture" id=11]
[ext_resource path="res://assets/stone frame 1/8.png" type="Texture" id=12]
[ext_resource path="res://assets/stone frame 1/9.png" type="Texture" id=13]
[ext_resource path="res://assets/stone frame 1/10.png" type="Texture" id=14]
[ext_resource path="res://assets/stone frame 1/11.png" type="Texture" id=15]
[ext_resource path="res://assets/stone2/1.png" type="Texture" id=16]
[ext_resource path="res://assets/stone2/2.png" type="Texture" id=17]
[ext_resource path="res://assets/stone2/3.png" type="Texture" id=18]
[ext_resource path="res://assets/stone2/4.png" type="Texture" id=19]
[ext_resource path="res://assets/stone2/5.png" type="Texture" id=20]
[ext_resource path="res://assets/stone2/6.png" type="Texture" id=21]
[ext_resource path="res://assets/stone2/7.png" type="Texture" id=22]
[ext_resource path="res://assets/stone2/8.png" type="Texture" id=23]
[ext_resource path="res://assets/stone2/9.png" type="Texture" id=24]
[ext_resource path="res://assets/stone 3/1.png" type="Texture" id=25]
[ext_resource path="res://assets/stone 3/2.png" type="Texture" id=26]
[ext_resource path="res://assets/stone 3/3.png" type="Texture" id=27]
[ext_resource path="res://assets/stone 3/4.png" type="Texture" id=28]
[ext_resource path="res://assets/stone 3/5.png" type="Texture" id=29]
[ext_resource path="res://assets/stone 3/6.png" type="Texture" id=30]
[ext_resource path="res://assets/stone 3/7.png" type="Texture" id=31]
[ext_resource path="res://assets/stone 3/8.png" type="Texture" id=32]
[ext_resource path="res://assets/tree frame 1/1.png" type="Texture" id=33]
[ext_resource path="res://assets/tree frame 1/2.png" type="Texture" id=34]
[ext_resource path="res://assets/tree frame 1/3.png" type="Texture" id=35]
[ext_resource path="res://assets/tree frame 1/4.png" type="Texture" id=36]
[ext_resource path="res://assets/tree frame 1/5.png" type="Texture" id=37]
[ext_resource path="res://assets/tree frame 1/6.png" type="Texture" id=38]
[ext_resource path="res://assets/tree frame 1/7.png" type="Texture" id=39]
[ext_resource path="res://assets/tree frame 2/1.png" type="Texture" id=40]
[ext_resource path="res://assets/tree frame 2/2.png" type="Texture" id=41]
[ext_resource path="res://assets/tree frame 2/3.png" type="Texture" id=42]
[ext_resource path="res://assets/tree frame 2/4.png" type="Texture" id=43]
[ext_resource path="res://assets/tree frame 3/1.png" type="Texture" id=44]
[ext_resource path="res://assets/tree frame 3/2.png" type="Texture" id=45]
[ext_resource path="res://assets/tree frame 3/3.png" type="Texture" id=46]
[ext_resource path="res://assets/tree frame 3/4.png" type="Texture" id=47]
[ext_resource path="res://assets/tree frame 3/5.png" type="Texture" id=48]
[ext_resource path="res://assets/tree frame 3/6.png" type="Texture" id=49]
[ext_resource path="res://assets/tree frame 3/7.png" type="Texture" id=50]
[ext_resource path="res://assets/boss1/3.png" type="Texture" id=51]
[ext_resource path="res://assets/boss2/5.png" type="Texture" id=52]
[ext_resource path="res://assets/boss1/4.png" type="Texture" id=53]
[ext_resource path="res://assets/boss2/8.png" type="Texture" id=54]
[ext_resource path="res://assets/boss2/6.png" type="Texture" id=55]
[ext_resource path="res://assets/boss2/4.png" type="Texture" id=56]
[ext_resource path="res://assets/boss1/7.png" type="Texture" id=57]
[ext_resource path="res://assets/boss1/8.png" type="Texture" id=58]
[ext_resource path="res://assets/boss1/9.png" type="Texture" id=59]
[ext_resource path="res://assets/boss1/6.png" type="Texture" id=60]
[ext_resource path="res://assets/boss1/5.png" type="Texture" id=61]
[ext_resource path="res://assets/boss2/7.png" type="Texture" id=62]
[ext_resource path="res://assets/boss1/1.png" type="Texture" id=63]
[ext_resource path="res://assets/boss1/2.png" type="Texture" id=64]
[ext_resource path="res://assets/boss2/1.png" type="Texture" id=65]
[ext_resource path="res://assets/boss2/3.png" type="Texture" id=66]
[ext_resource path="res://assets/boss2/2.png" type="Texture" id=67]
[ext_resource path="res://assets/boss3/8.png" type="Texture" id=68]
[ext_resource path="res://assets/boss3/4.png" type="Texture" id=69]
[ext_resource path="res://assets/boss3/9.png" type="Texture" id=70]
[ext_resource path="res://assets/boss3/6.png" type="Texture" id=71]
[ext_resource path="res://assets/boss3/7.png" type="Texture" id=72]
[ext_resource path="res://assets/boss3/5.png" type="Texture" id=73]
[ext_resource path="res://assets/boss3/1.png" type="Texture" id=74]
[ext_resource path="res://assets/boss3/3.png" type="Texture" id=75]
[ext_resource path="res://assets/boss3/2.png" type="Texture" id=76]
[ext_resource path="res://assets/boss3/11.png" type="Texture" id=77]
[ext_resource path="res://assets/boss3/12.png" type="Texture" id=78]
[ext_resource path="res://assets/boss3/14.png" type="Texture" id=79]
[ext_resource path="res://assets/boss3/10.png" type="Texture" id=80]
[ext_resource path="res://assets/boss3/13.png" type="Texture" id=81]

[sub_resource type="CircleShape2D" id=1]
radius = 20.0

[sub_resource type="SpriteFrames" id=2]
animations = [ {
"frames": [ ExtResource( 5 ), ExtResource( 6 ), ExtResource( 7 ), ExtResource( 8 ), ExtResource( 9 ), ExtResource( 10 ), ExtResource( 11 ), ExtResource( 12 ), ExtResource( 13 ), ExtResource( 14 ), ExtResource( 15 ) ],
"loop": true,
"name": "moving",
"speed": 5.0
} ]

[sub_resource type="SpriteFrames" id=3]
animations = [ {
"frames": [ ExtResource( 16 ), ExtResource( 17 ), ExtResource( 18 ), ExtResource( 19 ), ExtResource( 20 ), ExtResource( 21 ), ExtResource( 22 ), ExtResource( 23 ), ExtResource( 24 ) ],
"loop": true,
"name": "moving",
"speed": 5.0
} ]

[sub_resource type="SpriteFrames" id=4]
animations = [ {
"frames": [ ExtResource( 25 ), ExtResource( 26 ), ExtResource( 27 ), ExtResource( 28 ), ExtResource( 29 ), ExtResource( 30 ), ExtResource( 31 ), ExtResource( 32 ) ],
"loop": true,
"name": "moving",
"speed": 5.0
} ]

[sub_resource type="SpriteFrames" id=5]
animations = [ {
"frames": [ ExtResource( 33 ), ExtResource( 34 ), ExtResource( 35 ), ExtResource( 36 ), ExtResource( 37 ), ExtResource( 38 ), ExtResource( 39 ) ],
"loop": true,
"name": "moving",
"speed": 5.0
} ]

[sub_resource type="SpriteFrames" id=6]
animations = [ {
"frames": [ ExtResource( 40 ), ExtResource( 41 ), ExtResource( 42 ), ExtResource( 43 ) ],
"loop": true,
"name": "moving",
"speed": 5.0
} ]

[sub_resource type="SpriteFrames" id=7]
animations = [ {
"frames": [ ExtResource( 44 ), ExtResource( 45 ), ExtResource( 46 ), ExtResource( 47 ), ExtResource( 48 ), ExtResource( 49 ), ExtResource( 50 ) ],
"loop": true,
"name": "moving",
"speed": 5.0
} ]

[sub_resource type="SpriteFrames" id=8]
animations = [ {
"frames": [ ExtResource( 63 ), ExtResource( 64 ), ExtResource( 51 ), ExtResource( 53 ), ExtResource( 61 ), ExtResource( 60 ), ExtResource( 57 ), ExtResource( 58 ), ExtResource( 59 ) ],
"loop": true,
"name": "default",
"speed": 5.0
} ]

[sub_resource type="SpriteFrames" id=9]
animations = [ {
"frames": [ ExtResource( 65 ), ExtResource( 67 ), ExtResource( 66 ), ExtResource( 56 ), ExtResource( 52 ), ExtResource( 55 ), ExtResource( 62 ), ExtResource( 54 ) ],
"loop": true,
"name": "default",
"speed": 5.0
} ]

[sub_resource type="SpriteFrames" id=10]
animations = [ {
"frames": [ ExtResource( 74 ), ExtResource( 76 ), ExtResource( 75 ), ExtResource( 69 ), ExtResource( 73 ), ExtResource( 71 ), ExtResource( 72 ), ExtResource( 68 ), ExtResource( 70 ), ExtResource( 80 ), ExtResource( 77 ), ExtResource( 78 ), ExtResource( 81 ), ExtResource( 79 ) ],
"loop": true,
"name": "default",
"speed": 5.0
} ]

[node name="TankA" type="RigidBody2D"]
mode = 3
contacts_reported = 2
contact_monitor = true
script = ExtResource( 1 )
__meta__ = {
"__editor_plugin_screen__": "2D"
}

[node name="HealthProgress" type="TextureProgress" parent="."]
margin_left = -19.0
margin_top = -23.0
margin_right = 5.0
margin_bottom = -19.0
size_flags_horizontal = 2
size_flags_vertical = 2
value = 100.0
texture_over = ExtResource( 2 )
texture_progress = ExtResource( 3 )
__meta__ = {
"_edit_use_anchors_": false
}

[node name="Sprite" type="Sprite" parent="."]
visible = false
texture = ExtResource( 4 )
hframes = 8
frame = 2

[node name="CollisionShape2D" type="CollisionShape2D" parent="."]
scale = Vector2( 1.3913, 1.3913 )
shape = SubResource( 1 )

[node name="HealthLabel" type="Label" parent="."]
margin_left = -40.0
margin_top = -32.0
margin_right = -1.0
margin_bottom = -19.0
size_flags_horizontal = 2
size_flags_vertical = 0
custom_colors/font_color = Color( 0, 1, 0, 1 )
custom_colors/font_color_shadow = Color( 0, 0, 0, 1 )
custom_constants/shadow_offset_x = 1
custom_constants/shadow_offset_y = 1
text = "99/99"
align = 2
__meta__ = {
"_edit_use_anchors_": false
}

[node name="Stone1" type="AnimatedSprite" parent="."]
visible = false
position = Vector2( 0.361136, 0.962866 )
scale = Vector2( 0.0469508, 0.0420563 )
frames = SubResource( 2 )
animation = "moving"
frame = 6
playing = true

[node name="Stone2" type="AnimatedSprite" parent="."]
visible = false
position = Vector2( -0.144787, 0.465296 )
scale = Vector2( 0.0604546, 0.045072 )
frames = SubResource( 3 )
animation = "moving"
frame = 6
playing = true

[node name="Stone3" type="AnimatedSprite" parent="."]
visible = false
position = Vector2( -0.174541, -0.889489 )
scale = Vector2( 0.0542547, 0.0564832 )
frames = SubResource( 4 )
animation = "moving"
frame = 1
playing = true

[node name="tree1" type="AnimatedSprite" parent="."]
visible = false
position = Vector2( 0.271973, -0.201061 )
scale = Vector2( 0.0689842, 0.0824338 )
frames = SubResource( 5 )
animation = "moving"
frame = 3
playing = true

[node name="tree2" type="AnimatedSprite" parent="."]
visible = false
position = Vector2( 1.20052, 0.101605 )
scale = Vector2( 0.083403, 0.0747215 )
frames = SubResource( 6 )
animation = "moving"
playing = true

[node name="tree3" type="AnimatedSprite" parent="."]
visible = false
position = Vector2( 0.742584, 0.431949 )
scale = Vector2( 0.058281, 0.0775152 )
frames = SubResource( 7 )
animation = "moving"
frame = 3
playing = true

[node name="boss1" type="AnimatedSprite" parent="."]
visible = false
position = Vector2( 1.7678, 27.2236 )
scale = Vector2( 0.114889, 0.0827254 )
frames = SubResource( 8 )
frame = 8
playing = true

[node name="boss2" type="AnimatedSprite" parent="."]
visible = false
position = Vector2( -1.8353, 30.7613 )
scale = Vector2( 0.142758, 0.109998 )
frames = SubResource( 9 )
playing = true

[node name="boss3" type="AnimatedSprite" parent="."]
visible = false
position = Vector2( 6.71584, 21.7711 )
scale = Vector2( 0.125283, 0.11895 )
frames = SubResource( 10 )
frame = 13
playing = true
