[gd_scene load_steps=36 format=2]

[ext_resource path="res://tower-d.gd" type="Script" id=1]
[ext_resource path="res://assets/images/fire-range-100.png" type="Texture" id=2]
[ext_resource path="res://assets/images/tower-d.png" type="Texture" id=3]
[ext_resource path="res://assets/images/democharacter/left0.png" type="Texture" id=4]
[ext_resource path="res://assets/sounds/electricity.ogg" type="AudioStream" id=5]
[ext_resource path="res://assets/images/democharacter/back4.png" type="Texture" id=6]
[ext_resource path="res://assets/images/democharacter/front2.png" type="Texture" id=7]
[ext_resource path="res://assets/images/democharacter/idle3.png" type="Texture" id=8]
[ext_resource path="res://assets/images/democharacter/idle1.png" type="Texture" id=9]
[ext_resource path="res://assets/images/democharacter/idle4.png" type="Texture" id=10]
[ext_resource path="res://assets/images/democharacter/back2.png" type="Texture" id=11]
[ext_resource path="res://assets/images/democharacter/right0.png" type="Texture" id=12]
[ext_resource path="res://assets/images/democharacter/right4.png" type="Texture" id=13]
[ext_resource path="res://assets/images/democharacter/left4.png" type="Texture" id=14]
[ext_resource path="res://assets/images/democharacter/right1.png" type="Texture" id=15]
[ext_resource path="res://assets/images/democharacter/front4.png" type="Texture" id=16]
[ext_resource path="res://assets/images/democharacter/idle2.png" type="Texture" id=17]
[ext_resource path="res://assets/images/democharacter/left1.png" type="Texture" id=18]
[ext_resource path="res://assets/images/democharacter/front3.png" type="Texture" id=19]
[ext_resource path="res://assets/images/democharacter/right3.png" type="Texture" id=20]
[ext_resource path="res://assets/images/democharacter/back1.png" type="Texture" id=21]
[ext_resource path="res://assets/images/democharacter/front1.png" type="Texture" id=22]
[ext_resource path="res://assets/images/democharacter/front0.png" type="Texture" id=23]
[ext_resource path="res://assets/images/democharacter/back0.png" type="Texture" id=24]
[ext_resource path="res://assets/images/democharacter/left2.png" type="Texture" id=25]
[ext_resource path="res://assets/images/democharacter/right2.png" type="Texture" id=26]
[ext_resource path="res://assets/images/democharacter/back3.png" type="Texture" id=27]
[ext_resource path="res://assets/images/democharacter/idle0.png" type="Texture" id=28]
[ext_resource path="res://assets/images/democharacter/left3.png" type="Texture" id=29]
[ext_resource path="res://assets/demo_magic_effect.png" type="Texture" id=30]

[sub_resource type="CircleShape2D" id=1]
radius = 7.0

[sub_resource type="Curve" id=2]
_data = [ Vector2( 0, 1 ), 0.0, 0.0, 0, 0, Vector2( 1, 0.510742 ), 0.0, 0.0, 0, 0 ]

[sub_resource type="CurveTexture" id=3]
curve = SubResource( 2 )

[sub_resource type="ParticlesMaterial" id=4]
spread = 0.0
gravity = Vector3( 0, 0, 0 )
initial_velocity = 150.0
angular_velocity = 100.0
angle_random = 1.0
scale = 0.5
scale_random = 0.5
scale_curve = SubResource( 3 )

[sub_resource type="SpriteFrames" id=5]
animations = [ {
"frames": [ ExtResource( 12 ), ExtResource( 15 ), ExtResource( 26 ), ExtResource( 20 ), ExtResource( 13 ) ],
"loop": true,
"name": "right",
"speed": 5.0
}, {
"frames": [ ExtResource( 4 ), ExtResource( 18 ), ExtResource( 25 ), ExtResource( 29 ), ExtResource( 14 ) ],
"loop": true,
"name": "left",
"speed": 5.0
}, {
"frames": [ ExtResource( 23 ), ExtResource( 22 ), ExtResource( 7 ), ExtResource( 19 ), ExtResource( 16 ) ],
"loop": true,
"name": "front",
"speed": 5.0
}, {
"frames": [ ExtResource( 24 ), ExtResource( 21 ), ExtResource( 11 ), ExtResource( 27 ), ExtResource( 6 ) ],
"loop": true,
"name": "back",
"speed": 5.0
}, {
"frames": [ ExtResource( 28 ), ExtResource( 9 ), ExtResource( 17 ), ExtResource( 8 ), ExtResource( 10 ) ],
"loop": true,
"name": "idle",
"speed": 5.0
} ]

[node name="TowerD" type="RigidBody2D"]
mode = 3
contacts_reported = 5
contact_monitor = true
script = ExtResource( 1 )
__meta__ = {
"__editor_plugin_screen__": "2D"
}

[node name="FireRange" type="Sprite" parent="."]
visible = false
texture = ExtResource( 2 )

[node name="Sprite" type="Sprite" parent="."]
visible = false
texture = ExtResource( 3 )
vframes = 3

[node name="TextureButton" type="TextureButton" parent="."]
visible = false
margin_left = -16.0
margin_top = -16.0
margin_right = 16.0
margin_bottom = 16.0
size_flags_horizontal = 2
size_flags_vertical = 2
__meta__ = {
"_edit_use_anchors_": false
}

[node name="CollisionShape2D" type="CollisionShape2D" parent="."]
scale = Vector2( 20, 20 )
shape = SubResource( 1 )

[node name="ParticlesRay" type="Particles2D" parent="."]
position = Vector2( 0, -18 )
rotation = -1.5708
emitting = false
lifetime = 0.8
process_material = SubResource( 4 )
texture = ExtResource( 30 )

[node name="AudioElectricity" type="AudioStreamPlayer2D" parent="."]
stream = ExtResource( 5 )

[node name="AnimatedSprite" type="AnimatedSprite" parent="."]
frames = SubResource( 5 )
animation = "right"
frame = 4
playing = true
[connection signal="body_entered" from="." to="." method="_on_body_enter"]
[connection signal="body_exited" from="." to="." method="_on_body_exit"]
